
@article{baddefects,
  title = {Constraining Topological Defects with Temperature and Polarization Anisotropies},
  author = {Lizarraga, Joanes et al.},
  year = {2014},
  month = nov,
  volume = {90},
  pages = {103504},
  issn = {1550-7998, 1550-2368},
  doi = {10.1103/PhysRevD.90.103504},
  archiveprefix = {arXiv},
  eprint = {1408.4126},
  eprinttype = {arxiv},
  journal = {Physical Review D},
  keywords = {Astrophysics - Cosmology and Nongalactic Astrophysics,High Energy Physics - Phenomenology,High Energy Physics - Theory},
  number = {10}
}

@article{bicep2cockup,
  title = {{{BICEP2 I}}: {{Detection Of B}}-Mode {{Polarization}} at {{Degree Angular Scales}}},
  shorttitle = {{{BICEP2 I}}},
  author = {Ade et al.},
  year = {2014},
  month = jun,
  volume = {112},
  pages = {241101},
  issn = {0031-9007, 1079-7114},
  doi = {10.1103/PhysRevLett.112.241101},
  archiveprefix = {arXiv},
  eprint = {1403.3985},
  eprinttype = {arxiv},
  journal = {Physical Review Letters},
  keywords = {Astrophysics - Cosmology and Nongalactic Astrophysics,General Relativity and Quantum Cosmology,High Energy Physics - Phenomenology,High Energy Physics - Theory},
  number = {24}
}

@article{componentsep,
  title = {A Full Sky, Low Foreground, High Resolution {{CMB}} Map from {{WMAP}}},
  author = {Delabrouille, J. and Cardoso, J.-F. and Jeune, M. Le and Betoule, M. and Fay, G. and Guilloux, F.},
  year = {2009},
  month = jan,
  volume = {493},
  pages = {835--857},
  publisher = {{EDP Sciences}},
  issn = {0004-6361, 1432-0746},
  doi = {10.1051/0004-6361:200810514},
  copyright = {\textcopyright{} ESO, 2009},
  journal = {Astronomy \& Astrophysics},
  language = {en},
  number = {3}
}

@article{sherwin,
  title = {Delensing the {{CMB}} with the {{Cosmic Infrared Background}}},
  author = {Sherwin, Blake D. and Schmittfull, Marcel},
  year = {2015},
  month = aug,
  volume = {92},
  pages = {043005},
  issn = {1550-7998, 1550-2368},
  doi = {10.1103/PhysRevD.92.043005},
  archiveprefix = {arXiv},
  eprint = {1502.05356},
  eprinttype = {arxiv},
  journal = {Physical Review D},
  number = {4}
}

@article{sloan,
  title = {Sloan {{Digital Sky Survey IV}}: {{Mapping}} the {{Milky Way}}, {{Nearby Galaxies}}, and the {{Distant Universe}}},
  shorttitle = {Sloan {{Digital Sky Survey IV}}},
  author = {Blanton, Michael R. et al.},
  year = {2017},
  month = jul,
  volume = {154},
  pages = {28},
  issn = {0004-6256},
  doi = {10.3847/1538-3881/aa7567},
  journal = {The Astronomical Journal},
}

@article{wang,
  title = {Second {{Order Action}} for {{Gravitational Waves}} from {{Inflation}}},
  author = {Wang, Mike S},
  pages = {4},
  language = {en}
}

@article{zhao,
  title = {Analytic Approach to the {{CMB}} Polarization Generated by Relic Gravitational Waves},
  author = {Zhao, Wen and Zhang, Yang},
  year = {2006},
  month = oct,
  volume = {74},
  pages = {083006},
  issn = {1550-7998},
  doi = {10.1103/PhysRevD.74.083006},
  journal = {Physical Review D},
}


