
@misc{baumann,
  title = {Part {{III Cosmology Notes}}},
  author = {Baumann, Daniel},
  howpublished = {http://cosmology.amsterdam/education/cosmology/}
}

@article{bicep2cockup2,
  title = {Joint {{Analysis}} of {{BICEP2}}/{{Keck Array}} and {{Planck Data}}},
  author = {{BICEP2/Keck and Planck Collaborations} and Ade, P. A. R. and Aghanim, N. and Ahmed, Z. and Aikin, R. W. and Alexander, K. D. and Arnaud, M. and Aumont, J. and Baccigalupi, C. and Banday, A. J. and Barkats, D. and Barreiro, R. B. and Bartlett, J. G. and Bartolo, N. and Battaner, E. and Benabed, K. and Beno{\^i}t, A. and {Benoit-L{\'e}vy}, A. and Benton, S. J. and Bernard, J.-P. and Bersanelli, M. and Bielewicz, P. and Bischoff, C. A. and Bock, J. J. and Bonaldi, A. and Bonavera, L. and Bond, J. R. and Borrill, J. and Bouchet, F. R. and Boulanger, F. and Brevik, J. A. and Bucher, M. and Buder, I. and Bullock, E. and Burigana, C. and Butler, R. C. and Buza, V. and Calabrese, E. and Cardoso, J.-F. and Catalano, A. and Challinor, A. and Chary, R.-R. and Chiang, H. C. and Christensen, P. R. and Colombo, L. P. L. and Combet, C. and Connors, J. and Couchot, F. and Coulais, A. and Crill, B. P. and Curto, A. and Cuttaia, F. and Danese, L. and Davies, R. D. and Davis, R. J. and {de Bernardis}, P. and {de Rosa}, A. and {de Zotti}, G. and Delabrouille, J. and Delouis, J.-M. and D{\'e}sert, F.-X. and Dickinson, C. and Diego, J. M. and Dole, H. and Donzelli, S. and Dor{\'e}, O. and Douspis, M. and Dowell, C. D. and Duband, L. and Ducout, A. and Dunkley, J. and Dupac, X. and Dvorkin, C. and Efstathiou, G. and Elsner, F. and En{\ss}lin, T. A. and Eriksen, H. K. and Falgarone, E. and Filippini, J. P. and Finelli, F. and Fliescher, S. and Forni, O. and Frailis, M. and Fraisse, A. A. and Franceschi, E. and Frejsel, A. and Galeotta, S. and Galli, S. and Ganga, K. and Ghosh, T. and Giard, M. and Gjerl{\o}w, E. and Golwala, S. R. and {Gonz{\'a}lez-Nuevo}, J. and G{\'o}rski, K. M. and Gratton, S. and Gregorio, A. and Gruppuso, A. and Gudmundsson, J. E. and Halpern, M. and Hansen, F. K. and Hanson, D. and Harrison, D. L. and Hasselfield, M. and Helou, G. and {Henrot-Versill{\'e}}, S. and Herranz, D. and Hildebrandt, S. R. and Hilton, G. C. and Hivon, E. and Hobson, M. and Holmes, W. A. and Hovest, W. and Hristov, V. V. and Huffenberger, K. M. and Hui, H. and Hurier, G. and Irwin, K. D. and Jaffe, A. H. and Jaffe, T. R. and Jewell, J. and Jones, W. C. and Juvela, M. and Karakci, A. and Karkare, K. S. and Kaufman, J. P. and Keating, B. G. and Kefeli, S. and Keih{\"a}nen, E. and Kernasovskiy, S. A. and Keskitalo, R. and Kisner, T. S. and Kneissl, R. and Knoche, J. and Knox, L. and Kovac, J. M. and Krachmalnicoff, N. and Kunz, M. and Kuo, C. L. and {Kurki-Suonio}, H. and Lagache, G. and L{\"a}hteenm{\"a}ki, A. and Lamarre, J.-M. and Lasenby, A. and Lattanzi, M. and Lawrence, C. R. and Leitch, E. M. and Leonardi, R. and Levrier, F. and Lewis, A. and Liguori, M. and Lilje, P. B. and {Linden-V{\o}rnle}, M. and {L{\'o}pez-Caniego}, M. and Lubin, P. M. and Lueker, M. and {Mac{\'i}as-P{\'e}rez}, J. F. and Maffei, B. and Maino, D. and Mandolesi, N. and Mangilli, A. and Maris, M. and Martin, P. G. and {Mart{\'i}nez-Gonz{\'a}lez}, E. and Masi, S. and Mason, P. and Matarrese, S. and Megerian, K. G. and Meinhold, P. R. and Melchiorri, A. and Mendes, L. and Mennella, A. and Migliaccio, M. and Mitra, S. and {Miville-Desch{\^e}nes}, M.-A. and Moneti, A. and Montier, L. and Morgante, G. and Mortlock, D. and Moss, A. and Munshi, D. and Murphy, J. A. and Naselsky, P. and Nati, F. and Natoli, P. and Netterfield, C. B. and Nguyen, H. T. and {N{\o}rgaard-Nielsen}, H. U. and Noviello, F. and Novikov, D. and Novikov, I. and O'Brient, R. and Ogburn, R. W. and Orlando, A. and Pagano, L. and Pajot, F. and Paladini, R. and Paoletti, D. and Partridge, B. and Pasian, F. and Patanchon, G. and Pearson, T. J. and Perdereau, O. and Perotto, L. and Pettorino, V. and Piacentini, F. and Piat, M. and Pietrobon, D. and Plaszczynski, S. and Pointecouteau, E. and Polenta, G. and Ponthieu, N. and Pratt, G. W. and Prunet, S. and Pryke, C. and Puget, J.-L. and Rachen, J. P. and Reach, W. T. and Rebolo, R. and Reinecke, M. and Remazeilles, M. and Renault, C. and Renzi, A. and Richter, S. and Ristorcelli, I. and Rocha, G. and Rossetti, M. and Roudier, G. and {Rowan-Robinson}, M. and {Rubi{\~n}o-Mart{\'i}n}, J. A. and Rusholme, B. and Sandri, M. and Santos, D. and Savelainen, M. and Savini, G. and Schwarz, R. and Scott, D. and Seiffert, M. D. and Sheehy, C. D. and Spencer, L. D. and Staniszewski, Z. K. and Stolyarov, V. and Sudiwala, R. and Sunyaev, R. and Sutton, D. and {Suur-Uski}, A.-S. and Sygnet, J.-F. and Tauber, J. A. and Teply, G. P. and Terenzi, L. and Thompson, K. L. and Toffolatti, L. and Tolan, J. E. and Tomasi, M. and Tristram, M. and Tucci, M. and Turner, A. D. and Valenziano, L. and Valiviita, J. and Van Tent, B. and Vibert, L. and Vielva, P. and Vieregg, A. G. and Villa, F. and Wade, L. A. and Wandelt, B. D. and Watson, R. and Weber, A. C. and Wehus, I. K. and White, M. and White, S. D. M. and Willmert, J. and Wong, C. L. and Yoon, K. W. and Yvon, D. and Zacchei, A. and Zonca, A.},
  year = {2015},
  month = mar,
  volume = {114},
  pages = {101301},
  publisher = {{American Physical Society}},
  doi = {10.1103/PhysRevLett.114.101301},
  journal = {Physical Review Letters},
  number = {10}
}

@article{notes,
  title = {Lecture Notes on the Physics of Cosmic Microwave Background Anisotropies},
  author = {Challinor, Anthony and Peiris, Hiranya},
  year = {2009},
  month = may,
  volume = {1132},
  pages = {86--140},
  publisher = {{American Institute of Physics}},
  issn = {0094-243X},
  doi = {10.1063/1.3151849},
  journal = {AIP Conference Proceedings},
  number = {1}
}

@article{pajer,
  title = {Field {{Theory}} in {{Cosmology}} ({{Part III}})},
  author = {Pajer, Enrico},
  pages = {67},
  language = {en}
}

@article{planck2016b,
  title = {{\emph{Planck}} 2015 Results: {{X}}. {{Diffuse}} Component Separation: {{Foreground}} Maps},
  shorttitle = {{\emph{Planck}} 2015 Results},
  author = {{Planck Collaboration} and Adam, R. and Ade, P. A. R. and Aghanim, N. and Alves, M. I. R. and Arnaud, M. and Ashdown, M. and Aumont, J. and Baccigalupi, C. and Banday, A. J. and Barreiro, R. B. and Bartlett, J. G. and Bartolo, N. and Battaner, E. and Benabed, K. and Beno{\^i}t, A. and {Benoit-L{\'e}vy}, A. and Bernard, J.-P. and Bersanelli, M. and Bielewicz, P. and Bock, J. J. and Bonaldi, A. and Bonavera, L. and Bond, J. R. and Borrill, J. and Bouchet, F. R. and Boulanger, F. and Bucher, M. and Burigana, C. and Butler, R. C. and Calabrese, E. and Cardoso, J.-F. and Catalano, A. and Challinor, A. and Chamballu, A. and Chary, R.-R. and Chiang, H. C. and Christensen, P. R. and Clements, D. L. and Colombi, S. and Colombo, L. P. L. and Combet, C. and Couchot, F. and Coulais, A. and Crill, B. P. and Curto, A. and Cuttaia, F. and Danese, L. and Davies, R. D. and Davis, R. J. and {de Bernardis}, P. and {de Rosa}, A. and {de Zotti}, G. and Delabrouille, J. and D{\'e}sert, F.-X. and Dickinson, C. and Diego, J. M. and Dole, H. and Donzelli, S. and Dor{\'e}, O. and Douspis, M. and Ducout, A. and Dupac, X. and Efstathiou, G. and Elsner, F. and En{\ss}lin, T. A. and Eriksen, H. K. and Falgarone, E. and Fergusson, J. and Finelli, F. and Forni, O. and Frailis, M. and Fraisse, A. A. and Franceschi, E. and Frejsel, A. and Galeotta, S. and Galli, S. and Ganga, K. and Ghosh, T. and Giard, M. and {Giraud-H{\'e}raud}, Y. and Gjerl{\o}w, E. and {Gonz{\'a}lez-Nuevo}, J. and G{\'o}rski, K. M. and Gratton, S. and Gregorio, A. and Gruppuso, A. and Gudmundsson, J. E. and Hansen, F. K. and Hanson, D. and Harrison, D. L. and Helou, G. and {Henrot-Versill{\'e}}, S. and {Hern{\'a}ndez-Monteagudo}, C. and Herranz, D. and Hildebrandt, S. R. and Hivon, E. and Hobson, M. and Holmes, W. A. and Hornstrup, A. and Hovest, W. and Huffenberger, K. M. and Hurier, G. and Jaffe, A. H. and Jaffe, T. R. and Jones, W. C. and Juvela, M. and Keih{\"a}nen, E. and Keskitalo, R. and Kisner, T. S. and Kneissl, R. and Knoche, J. and Kunz, M. and {Kurki-Suonio}, H. and Lagache, G. and L{\"a}hteenm{\"a}ki, A. and Lamarre, J.-M. and Lasenby, A. and Lattanzi, M. and Lawrence, C. R. and Le Jeune, M. and Leahy, J. P. and Leonardi, R. and Lesgourgues, J. and Levrier, F. and Liguori, M. and Lilje, P. B. and {Linden-V{\o}rnle}, M. and {L{\'o}pez-Caniego}, M. and Lubin, P. M. and {Mac{\'i}as-P{\'e}rez}, J. F. and Maggio, G. and Maino, D. and Mandolesi, N. and Mangilli, A. and Maris, M. and Marshall, D. J. and Martin, P. G. and {Mart{\'i}nez-Gonz{\'a}lez}, E. and Masi, S. and Matarrese, S. and McGehee, P. and Meinhold, P. R. and Melchiorri, A. and Mendes, L. and Mennella, A. and Migliaccio, M. and Mitra, S. and {Miville-Desch{\^e}nes}, M.-A. and Moneti, A. and Montier, L. and Morgante, G. and Mortlock, D. and Moss, A. and Munshi, D. and Murphy, J. A. and Naselsky, P. and Nati, F. and Natoli, P. and Netterfield, C. B. and {N{\o}rgaard-Nielsen}, H. U. and Noviello, F. and Novikov, D. and Novikov, I. and Orlando, E. and Oxborrow, C. A. and Paci, F. and Pagano, L. and Pajot, F. and Paladini, R. and Paoletti, D. and Partridge, B. and Pasian, F. and Patanchon, G. and Pearson, T. J. and Perdereau, O. and Perotto, L. and Perrotta, F. and Pettorino, V. and Piacentini, F. and Piat, M. and Pierpaoli, E. and Pietrobon, D. and Plaszczynski, S. and Pointecouteau, E. and Polenta, G. and Pratt, G. W. and Pr{\'e}zeau, G. and Prunet, S. and Puget, J.-L. and Rachen, J. P. and Reach, W. T. and Rebolo, R. and Reinecke, M. and Remazeilles, M. and Renault, C. and Renzi, A. and Ristorcelli, I. and Rocha, G. and Rosset, C. and Rossetti, M. and Roudier, G. and {Rubi{\~n}o-Mart{\'i}n}, J. A. and Rusholme, B. and Sandri, M. and Santos, D. and Savelainen, M. and Savini, G. and Scott, D. and Seiffert, M. D. and Shellard, E. P. S. and Spencer, L. D. and Stolyarov, V. and Stompor, R. and Strong, A. W. and Sudiwala, R. and Sunyaev, R. and Sutton, D. and {Suur-Uski}, A.-S. and Sygnet, J.-F. and Tauber, J. A. and Terenzi, L. and Toffolatti, L. and Tomasi, M. and Tristram, M. and Tucci, M. and Tuovinen, J. and Umana, G. and Valenziano, L. and Valiviita, J. and Van Tent, F. and Vielva, P. and Villa, F. and Wade, L. A. and Wandelt, B. D. and Wehus, I. K. and Wilkinson, A. and Yvon, D. and Zacchei, A. and Zonca, A.},
  year = {2016},
  month = oct,
  volume = {594},
  pages = {A10},
  issn = {0004-6361, 1432-0746},
  doi = {10.1051/0004-6361/201525967},
  journal = {Astronomy \& Astrophysics},
  language = {en}
}


